
@article{noauthor_notitle_nodate
}

@article{luo_efficient_2012,
	title = {Efficient software implementations of large finite fields {GF} (2 n) for secure storage applications},
	volume = {8},
	number = {1},
	journal = {ACM Transactions on Storage (TOS)},
	author = {Luo, Jianqiang and Bowers, Kevin D and Oprea, Alina and Xu, Lihao},
	year = {2012},
	keywords = {erasure},
	pages = {2},
	file = {Luo et al. - 2012 - Efficient software implementations of large finite.pdf:/home/klaymen/doc/code-meta/polkadot/papers/Luo et al. - 2012 - Efficient software implementations of large finite.pdf:application/pdf}
}

@article{greenan_analysis_2007,
	title = {Analysis and construction of galois fields for efficient storage reliability},
	journal = {Tech. Rep.},
	author = {Greenan, Kevin M and Miller, Ethan L and Schwarz, Thomas JE},
	year = {2007},
	keywords = {erasure},
	file = {Greenan et al. - 2007 - Analysis and construction of galois fields for eff.pdf:/home/klaymen/doc/code-meta/polkadot/papers/Greenan et al. - 2007 - Analysis and construction of galois fields for eff.pdf:application/pdf}
}

@misc{alistair_stewart_grandpa:_2019,
	title = {{GRANDPA}: {A} {Byzantine} {Finality} {Gadgets}},
	author = {{Alistair Stewart}},
	year = {2019},
	file = {Alistair Stewart - 2019 - GRANDPA A Byzantine Finality Gadgets.pdf:/home/klaymen/doc/code-meta/polkadot/papers/Alistair Stewart - 2019 - GRANDPA A Byzantine Finality Gadgets.pdf:application/pdf}
}

@phdthesis{lynn_implementation_2007,
	type = {{PhD} {Thesis}},
	title = {On the implementation of pairing-based cryptosystems},
	school = {Stanford University Stanford, California},
	author = {Lynn, Ben},
	year = {2007},
	file = {Lynn - 2007 - On the implementation of pairing-based cryptosyste.pdf:/home/klaymen/doc/code-meta/polkadot/papers/Lynn - 2007 - On the implementation of pairing-based cryptosyste.pdf:application/pdf}
}

@incollection{hankerson_finite_2006,
	title = {Finite {Field} {Arithmetic}},
	booktitle = {Guide to elliptic curve cryptography},
	publisher = {Springer Science \& Business Media},
	author = {Hankerson, Darrel and Menezes, Alfred J and Vanstone, Scott},
	year = {2006},
	file = {Hankerson et al. - 2006 - Finite Field Arithmetic.pdf:/home/klaymen/doc/code-meta/polkadot/papers/Hankerson et al. - 2006 - Finite Field Arithmetic.pdf:application/pdf}
}

@misc{noauthor_webassembly_nodate,
	title = {Webassembly {Runtime} {Structure}},
	url = {https://webassembly.github.io/spec/core/exec/runtime.html#syntax-externval}
}

@misc{noauthor_notitle_nodate-1,
	url = {https://core.telegram.org/mtproto}
}

@misc{noauthor_notitle_nodate-2
}

@article{noauthor_notitle_nodate-3,
	url = {https://pdfs.semanticscholar.org/93fe/3a5e70d64964e775ea77dcfaee218b8e62e1.pdf}
}

@article{noauthor_notitle_nodate-4,
	url = {https://courses.csail.mit.edu/6.857/2017/project/19.pdf}
}

@misc{noauthor_notitle_nodate-5,
	url = {https://cafebazaar.ir/app/org.ir.talaeii/?l=en}
}

@misc{noauthor_notitle_nodate-6,
	url = {https://cafebazaar.ir/app/org.ir.talaeii/?l=en}
}

@misc{noauthor_notitle_nodate-7
}

@misc{noauthor_notitle_nodate-8,
	url = {https://cafebazaar.ir/app/org.ir.talaeii/?l=en}
}

@techreport{w3f_research_group_blind_2019,
	address = {http://research.web3.foundation/en/latest/polkadot/BABE/Babe/},
	type = {Technical {Specification}},
	title = {Blind {Assignment} for {Blockchain} {Extension}},
	url = {http://research.web3.foundation/en/latest/polkadot/BABE/Babe/},
	institution = {Web 3.0 Foundation},
	author = {W3F Research Group},
	year = {2019}
}

@inproceedings{david_ouroboros_2018,
	title = {Ouroboros praos: {An} adaptively-secure, semi-synchronous proof-of-stake blockchain},
	booktitle = {Annual {International} {Conference} on the {Theory} and {Applications} of {Cryptographic} {Techniques}},
	publisher = {Springer},
	author = {David, Bernardo and Ga≈æi, Peter and Kiayias, Aggelos and Russell, Alexander},
	year = {2018},
	pages = {66--98}
}